@misc{phototrend,
    title = {Earth photographed over eight hundred billion mobile phones to
        take nearly 80\%, Online; accessed 2-January-2017},
    howpublished = {{http://www.hi3p.com/2014/12/20/earth-photographed-over-eight-hundred-billion-mobile-phones-to-take-nearly-80-5711.html}}
}
@article{russakovsky2015imagenet,
    title={Imagenet large scale visual recognition challenge},
    author={Russakovsky, Olga and Deng, Jia and Su, Hao and Krause,
        Jonathan and Satheesh, Sanjeev and Ma, Sean and Huang, Zhiheng and
            Karpathy, Andrej and Khosla, Aditya and Bernstein, Michael and
            others},
    journal={International Journal of Computer Vision},
    volume={115},
    number={3},
    pages={211--252},
    year={2015},
    publisher={Springer}
}
@inproceedings{danyluk2014small,
    title={Small disjuncts in action: learning to diagnose errors in the local loop of the telephone network},
    author={Danyluk, Andrea and Provost, Foster},
    booktitle={Proc. of Tenth International Conference on Machine Learning},
    pages={81--88},
    year={2014}
}
@article{brodley1999identifying,
    title={Identifying mislabeled training data},
    author={Brodley, Carla E. and Friedl, Mark A.},
    journal={Journal of Artificial Intelligence Research},
    volume={11},
    pages={131--167},
    year={1999}
}
@inproceedings{zhou2015conceptlearner,
    title={{ConceptLearner: Discovering visual concepts from weakly labeled image
        collections}},
    author={Zhou, Bolei and Jagadeesh, Vignesh and Piramuthu, Robinson},
    booktitle={Proceedings of the IEEE Conference on Computer Vision and Pattern Recognition},
    pages={1492--1500},
    year={2015}
}
@inproceedings{huang2006correcting,
    title={Correcting sample selection bias by unlabeled data},
    author={Huang, Jiayuan and Gretton, Arthur and Borgwardt, Karsten M and Sch{\"o}lkopf, Bernhard and Smola, Alex J},
    booktitle={Advances in neural information processing systems},
    pages={601--608},
    year={2006}
}
@article{vo2015deep,
    title={On deep representation learning from noisy web images},
    author={Vo, Phong D and Ginsca, Alexandru and Borgne, Herv{\'e} Le and Popescu, Adrian},
    journal={arXiv preprint arXiv:1512.04785},
    year={2015}
}
@inproceedings{sindhwani2006large,
    title={Large scale semi-supervised linear SVMs},
    author={Sindhwani, Vikas and Keerthi, S Sathiya},
    booktitle={Proceedings of the 29th annual international ACM SIGIR conference on Research and development in information retrieval},
    pages={477--484},
    year={2006},
    organization={ACM}
}
@article{schroff2011harvesting,
    title={Harvesting image databases from the web},
    author={Schroff, Florian and Criminisi, Antonio and Zisserman, Andrew},
    journal={IEEE transactions on pattern analysis and machine intelligence},
    volume={33},
    number={4},
    pages={754--766},
    year={2011},
    publisher={IEEE}
}
@article{chatzilarisalic,
    title={SALIC: Social Active Learning for Image Classification},
    author={Chatzilari, Elisavet and Nikolopoulos, Spiros and Kompatsiaris, Yiannis and Kittler, Josef},
    publisher={IEEE}
}
@article{manwani2013noise,
    title={{Noise tolerance under risk minimization}},
    author={Manwani, Naresh and Sastry, PS},
    journal={IEEE transactions on cybernetics},
    volume={43},
    number={3},
    pages={1146--1151},
    year={2013},
    publisher={IEEE}
}
@book{thathachar2011networks,
    title={{Networks of learning automata: Techniques for online stochastic optimization}},
    author={Thathachar, Mandayam AL and Sastry, Pidaparty S},
    year={2011},
    publisher={Springer Science \& Business Media}
}
@article{sastry2010team,
    title={{A team of continuous-action learning automata for noise-tolerant
        learning of half-spaces}},
    author={Sastry, PS and Nagendra, GD and Manwani, Naresh},
    journal={IEEE Transactions on Systems, Man, and Cybernetics, Part B
        (Cybernetics)},
    volume={40},
    number={1},
    pages={19--28},
    year={2010},
    publisher={IEEE}
}
@inproceedings{beigman2009learning,
    title={Learning with annotation noise},
    author={Beigman, Eyal and Klebanov, Beata Beigman},
    booktitle={Proceedings of the Joint Conference of the 47th Annual
        Meeting of the ACL and the 4th International Joint Conference on
            Natural Language Processing of the AFNLP: Volume 1-Volume 1},
    pages={280--287},
    year={2009},
    organization={Association for Computational Linguistics}
}
@inproceedings{feng2014robust,
    title={Robust logistic regression and classification},
    author={Feng, Jiashi and Xu, Huan and Mannor, Shie and Yan, Shuicheng},
    booktitle={Advances in Neural Information Processing Systems},
    pages={253--261},
    year={2014}
}
@article{izadinia2014image,
    title={Image Classification and Retrieval from User-Supplied Tags},
    author={Izadinia, Hamid and Farhadi, Ali and Hertzmann, Aaron and Hoffman, Matthew D},
    journal={arXiv preprint arXiv:1411.6909},
    year={2014}
}
@inproceedings{izadinia2015deep,
    title={Deep classifiers from image tags in the wild},
    author={Izadinia, Hamid and Russell, Bryan C and Farhadi, Ali and Hoffman, Matthew D and Hertzmann, Aaron},
    booktitle={Proceedings of the 2015 Workshop on Community-Organized Multimodal Mining: Opportunities for Novel Solutions},
    pages={13--18},
    year={2015},
    organization={ACM}
}
@inproceedings{bunescu2007multiple,
    title={Multiple instance learning for sparse positive bags},
    author={Bunescu, Razvan C and Mooney, Raymond J},
    booktitle={Proceedings of the 24th international conference on
        Machine learning},
    pages={105--112},
    year={2007},
    organization={ACM}
}

@inproceedings{vijayanarasimhan2008keywords,
    title={Keywords to visual categories: Multiple-instance learning for weakly supervised object categorization},
    author={Vijayanarasimhan, Sudheendra and Grauman, Kristen},
    booktitle={Computer Vision and Pattern Recognition, 2008. CVPR 2008. IEEE Conference on},
    pages={1--8},
    year={2008},
    organization={IEEE}
}
@article{lecun1998gradient,
    title={Gradient-based learning applied to document recognition},
    author={LeCun, Yann and Bottou, L{\'e}on and Bengio, Yoshua and
        Haffner, Patrick},
    journal={Proceedings of the IEEE},
    volume={86},
    number={11},
    pages={2278--2324},
    year={1998},
    publisher={IEEE}
}
@inproceedings{krizhevsky2012imagenet,
    title={Imagenet classification with deep convolutional neural networks},
    author={Krizhevsky, Alex and Sutskever, Ilya and Hinton, Geoffrey E},
    booktitle={Advances in neural information processing systems},
    pages={1097--1105},
    year={2012}
}
@article{simonyan2014very,
    title={Very deep convolutional networks for large-scale image
        recognition},
    author={Simonyan, Karen and Zisserman, Andrew},
    journal={arXiv preprint arXiv:1409.1556},
    year={2014}
}
@inproceedings{szegedy2015going,
    title={Going deeper with convolutions},
    author={Szegedy, Christian and Liu, Wei and Jia, Yangqing and Sermanet,
        Pierre and Reed, Scott and Anguelov, Dragomir and Erhan, Dumitru
            and Vanhoucke, Vincent and Rabinovich, Andrew},
    booktitle={Proceedings of the IEEE Conference on Computer Vision and
        Pattern Recognition},
    pages={1--9},
    year={2015}
}
@inproceedings{szegedy2016rethinking,
    title={Rethinking the inception architecture for computer vision},
    author={Szegedy, Christian and Vanhoucke, Vincent and Ioffe, Sergey and
        Shlens, Jon and Wojna, Zbigniew},
    booktitle={Proceedings of the IEEE Conference on Computer Vision and
        Pattern Recognition},
    pages={2818--2826},
    year={2016}
}
@article{szegedy2016inception,
    title={Inception-v4, inception-resnet and the impact of residual
        connections on learning},
    author={Szegedy, Christian and Ioffe, Sergey and Vanhoucke, Vincent and
        Alemi, Alex},
    journal={arXiv preprint arXiv:1602.07261},
    year={2016}
}
@inproceedings{he2016deep,
    title={Deep residual learning for image recognition},
    author={He, Kaiming and Zhang, Xiangyu and Ren, Shaoqing and Sun,
        Jian},
    booktitle={Proceedings of the IEEE Conference on Computer Vision and
        Pattern Recognition},
    pages={770--778},
    year={2016}
}
@article{reed2014training,
    title={Training deep neural networks on noisy labels with bootstrapping},
    author={Reed, Scott and Lee, Honglak and Anguelov, Dragomir and Szegedy, Christian and Erhan, Dumitru and Rabinovich, Andrew},
    journal={arXiv preprint arXiv:1412.6596},
    year={2014}
}
@article{sukhbaatar2014training,
    title={Training convolutional networks with noisy labels},
    author={Sukhbaatar, Sainbayar and Bruna, Joan and Paluri, Manohar and Bourdev, Lubomir and Fergus, Rob},
    journal={arXiv preprint arXiv:1406.2080},
    year={2014}
}
@inproceedings{xiao2015learning,
    title={Learning from massive noisy labeled data for image classification},
    author={Xiao, Tong and Xia, Tian and Yang, Yi and Huang, Chang and Wang, Xiaogang},
    booktitle={Proceedings of the IEEE Conference on Computer Vision and Pattern Recognition},
    pages={2691--2699},
    year={2015}
}
@article{azadi2015auxiliary,
    title={Auxiliary Image Regularization for Deep CNNs with Noisy Labels},
    author={Azadi, Samaneh and Feng, Jiashi and Jegelka, Stefanie and Darrell, Trevor},
    journal={arXiv preprint arXiv:1511.07069},
    year={2015}
}
@article{jain1996image,
    title={Image retrieval using color and shape},
    author={Jain, Anil K and Vailaya, Aditya},
    journal={Pattern recognition},
    volume={29},
    number={8},
    pages={1233--1244},
    year={1996},
    publisher={Elsevier}
}
@article{manjunath1996texture,
    title={Texture features for browsing and retrieval of image data},
    author={Manjunath, Bangalore S and Ma, Wei-Ying},
    journal={IEEE Transactions on pattern analysis and machine
        intelligence},
    volume={18},
    number={8},
    pages={837--842},
    year={1996},
    publisher={IEEE}
}
@inproceedings{lowe1999object,
    title={Object recognition from local scale-invariant features},
    author={Lowe, David G},
    booktitle={Computer vision, 1999. The proceedings of the seventh IEEE
        international conference on},
    volume={2},
    pages={1150--1157},
    year={1999},
    organization={Ieee}
}
@inproceedings{bay2006surf,
    title={Surf: Speeded up robust features},
    author={Bay, Herbert and Tuytelaars, Tinne and Van Gool, Luc},
    booktitle={European conference on computer vision},
    pages={404--417},
    year={2006},
    organization={Springer}
}
@inproceedings{yang2007evaluating,
    title={Evaluating bag-of-visual-words representations in scene
        classification},
    author={Yang, Jun and Jiang, Yu-Gang and Hauptmann, Alexander G and
        Ngo, Chong-Wah},
    booktitle={Proceedings of the international workshop on Workshop on
        multimedia information retrieval},
    pages={197--206},
    year={2007},
    organization={ACM}
}
@inproceedings{yu2003feature,
    title={Feature selection for high-dimensional data: A fast
        correlation-based filter solution},
    author={Yu, Lei and Liu, Huan},
    booktitle={ICML},
    volume={3},
    pages={856--863},
    year={2003}
}
@article{jiang2015relative,
    title={A relative decision entropy-based feature selection approach},
    author={Jiang, Feng and Sui, Yuefei and Zhou, Lin},
    journal={Pattern Recognition},
    volume={48},
    number={7},
    pages={2151--2163},
    year={2015},
    publisher={Elsevier}
}
@article{li2016feature,
    title={Feature selection with partition differentiation entropy for
        large-scale data sets},
    author={Li, Fachao and Zhang, Zan and Jin, Chenxia},
    journal={Information Sciences},
    volume={329},
    pages={690--700},
    year={2016},
    publisher={Elsevier}
}
@article{yang2013efficient,
    title={Efficient online learning for multitask feature selection},
    author={Yang, Haiqin and Lyu, Michael R and King, Irwin},
    journal={ACM Transactions on Knowledge Discovery from Data (TKDD)},
    volume={7},
    number={2},
    pages={6},
    year={2013},
    publisher={ACM}
}
@article{kohavi1997wrappers,
    title={Wrappers for feature subset selection},
    author={Kohavi, Ron and John, George H},
    journal={Artificial intelligence},
    volume={97},
    number={1-2},
    pages={273--324},
    year={1997},
    publisher={Elsevier}
}
@article{pappu2015sparse,
    title={Sparse Proximal Support Vector Machines for feature selection in
        high dimensional datasets},
    author={Pappu, Vijay and Panagopoulos, Orestis P and Xanthopoulos,
        Petros and Pardalos, Panos M},
    journal={Expert Systems with Applications},
    volume={42},
    number={23},
    pages={9183--9191},
    year={2015},
    publisher={Elsevier}
}
@article{le2014feature,
    title={Feature selection for linear SVMs under uncertain data: Robust
        optimization based on difference of convex functions algorithms},
    author={Le Thi, Hoai An and Vo, Xuan Thanh and Dinh, Tao Pham},
    journal={Neural Networks},
    volume={59},
    pages={36--50},
    year={2014},
    publisher={Elsevier}
}
@article{crammer2006online,
    title={Online passive-aggressive algorithms},
    author={Crammer, Koby and Dekel, Ofer and Keshet, Joseph and
        Shalev-Shwartz, Shai and Singer, Yoram},
    journal={Journal of Machine Learning Research},
    volume={7},
    number={Mar},
    pages={551--585},
    year={2006}
}
@inproceedings{crammer2009multi,
    title={Multi-class confidence weighted algorithms},
    author={Crammer, Koby and Dredze, Mark and Kulesza, Alex},
    booktitle={Proceedings of the 2009 Conference on Empirical Methods in
        Natural Language Processing: Volume 2-Volume 2},
    pages={496--504},
    year={2009},
    organization={Association for Computational Linguistics}
}
@inproceedings{crammer2009adaptive,
    title={Adaptive regularization of weight vectors},
    author={Crammer, Koby and Kulesza, Alex and Dredze, Mark},
    booktitle={Advances in neural information processing systems},
    pages={414--422},
    year={2009}
}
@article{langford2009sparse,
    title={Sparse online learning via truncated gradient},
    author={Langford, John and Li, Lihong and Zhang, Tong},
    journal={Journal of Machine Learning Research},
    volume={10},
    number={Mar},
    pages={777--801},
    year={2009}
}
@article{duchi2009efficient,
    title={Efficient online and batch learning using forward backward
        splitting},
    author={Duchi, John and Singer, Yoram},
    journal={Journal of Machine Learning Research},
    volume={10},
    number={Dec},
    pages={2899--2934},
    year={2009}
}
@article{xiao2010dual,
    title={Dual averaging methods for regularized stochastic learning and
        online optimization},
    author={Xiao, Lin},
    journal={Journal of Machine Learning Research},
    volume={11},
    number={Oct},
    pages={2543--2596},
    year={2010}
}
@inproceedings{wu2010online,
    title={Online streaming feature selection},
    author={Wu, Xindong and Yu, Kui and Wang, Hao and Ding, Wei},
    booktitle={Proceedings of the 27th international conference on
        machine learning (ICML-10)},
    pages={1159--1166},
    year={2010}
}
@inproceedings{huang2015unsupervised,
    title={Unsupervised feature selection on data streams},
    author={Huang, Hao and Yoo, Shinjae and Kasiviswanathan, Shiva Prasad},
    booktitle={Proceedings of the 24th ACM International on Conference on
        Information and Knowledge Management},
    pages={1031--1040},
    year={2015},
    organization={ACM}
}
@article{wang2014online,
    title={Online feature selection and its applications},
    author={Wang, Jialei and Zhao, Peilin and Hoi, Steven CH and Jin,
        Rong},
    journal={IEEE Transactions on Knowledge and Data Engineering},
    volume={26},
    number={3},
    pages={698--710},
    year={2014},
    publisher={IEEE}
}
@article{zagoruyko2016wide,
    title={Wide residual networks},
    author={Zagoruyko, Sergey and Komodakis, Nikos},
    journal={arXiv preprint arXiv:1605.07146},
    year={2016}
}
@article{srivastava2015highway,
    title={Highway networks},
    author={Srivastava, Rupesh Kumar and Greff, Klaus and Schmidhuber,
        J{\"u}rgen},
        journal={arXiv preprint arXiv:1505.00387},
        year={2015}
}
@inproceedings{denil2013predicting,
    title={Predicting parameters in deep learning},
    author={Denil, Misha and Shakibi, Babak and Dinh, Laurent and de
        Freitas, Nando and others},
    booktitle={Advances in Neural Information Processing Systems},
    pages={2148--2156},
    year={2013}
}
@inproceedings{denton2014exploiting,
    title={Exploiting linear structure within convolutional networks for
        efficient evaluation},
    author={Denton, Emily L and Zaremba, Wojciech and Bruna, Joan and
        LeCun, Yann and Fergus, Rob},
    booktitle={Advances in Neural Information Processing Systems},
    pages={1269--1277},
    year={2014}
}
@inproceedings{rigamonti2013learning,
    title={Learning separable filters},
    author={Rigamonti, Roberto and Sironi, Amos and Lepetit, Vincent and
        Fua, Pascal},
    booktitle={Proceedings of the IEEE Conference on Computer Vision and
        Pattern Recognition},
    pages={2754--2761},
    year={2013}
}
@article{jaderberg2014speeding,
    title={Speeding up convolutional neural networks with low rank
        expansions},
    author={Jaderberg, Max and Vedaldi, Andrea and Zisserman, Andrew},
    journal={arXiv preprint arXiv:1405.3866},
    year={2014}
}
@inproceedings{mamalet2012simplifying,
    title={Simplifying convnets for fast learning},
    author={Mamalet, Franck and Garcia, Christophe},
    booktitle={International Conference on Artificial Neural Networks},
    pages={58--65},
    year={2012},
    organization={Springer}
}
@inproceedings{hwang2014fixed,
    title={Fixed-point feedforward deep neural network design using weights+
        1, 0, and- 1},
    author={Hwang, Kyuyeon and Sung, Wonyong},
    booktitle={Signal Processing Systems (SiPS), 2014 IEEE Workshop on},
    pages={1--6},
    year={2014},
    organization={IEEE}
}
@inproceedings{arora2014provable,
    title={Provable Bounds for Learning Some Deep Representations.},
    author={Arora, Sanjeev and Bhaskara, Aditya and Ge, Rong and Ma,
        Tengyu},
    booktitle={ICML},
    pages={584--592},
    year={2014}
}
@inproceedings{courbariaux2015binaryconnect,
    title={Binaryconnect: Training deep neural networks with binary weights
        during propagations},
    author={Courbariaux, Matthieu and Bengio, Yoshua and David,
        Jean-Pierre},
    booktitle={Advances in Neural Information Processing Systems},
    pages={3123--3131},
    year={2015}
}
@inproceedings{rastegari2016xnor,
    title={Xnor-net: Imagenet classification using binary convolutional
        neural networks},
    author={Rastegari, Mohammad and Ordonez, Vicente and Redmon, Joseph and
        Farhadi, Ali},
    booktitle={European Conference on Computer Vision},
    pages={525--542},
    year={2016},
    organization={Springer}
}
@article{gong2014compressing,
    title={Compressing deep convolutional networks using vector
        quantization},
    author={Gong, Yunchao and Liu, Liu and Yang, Ming and Bourdev,
        Lubomir},
    journal={arXiv preprint arXiv:1412.6115},
    year={2014}
}
@inproceedings{anwar2015fixed,
    title={Fixed point optimization of deep convolutional neural networks for
        object recognition},
    author={Anwar, Sajid and Hwang, Kyuyeon and Sung, Wonyong},
    booktitle={Acoustics, Speech and Signal Processing (ICASSP), 2015
        IEEE International Conference on},
    pages={1131--1135},
    year={2015},
    organization={IEEE}
}
@inproceedings{chen2015compressing,
    title={Compressing Neural Networks with the Hashing Trick.},
    author={Chen, Wenlin and Wilson, James T and Tyree, Stephen and
        Weinberger, Kilian Q and Chen, Yixin},
    booktitle={ICML},
    pages={2285--2294},
    year={2015}
}
@inproceedings{wu2016quantized,
    title={Quantized convolutional neural networks for mobile devices},
    author={Wu, Jiaxiang and Leng, Cong and Wang, Yuhang and Hu, Qinghao
        and Cheng, Jian},
    booktitle={Proceedings of the IEEE Conference on Computer Vision and
        Pattern Recognition},
    pages={4820--4828},
    year={2016}
}
@inproceedings{han2015learning,
    title={Learning both weights and connections for efficient neural
        network},
    author={Han, Song and Pool, Jeff and Tran, John and Dally, William},
    booktitle={Advances in Neural Information Processing Systems},
    pages={1135--1143},
    year={2015}
}
@article{han2015deep,
    title={Deep compression: Compressing deep neural networks with pruning,
        trained quantization and huffman coding},
    author={Han, Song and Mao, Huizi and Dally, William J},
    journal={arXiv preprint arXiv:1510.00149},
    year={2015}
}
@inproceedings{liu2015sparse,
    title={Sparse convolutional neural networks},
    author={Liu, Baoyuan and Wang, Min and Foroosh, Hassan and Tappen,
        Marshall and Pensky, Marianna},
    booktitle={Proceedings of the IEEE Conference on Computer Vision and
        Pattern Recognition},
    pages={806--814},
    year={2015}
}
@article{ioannou2015training,
    title={Training cnns with low-rank filters for efficient image
        classification},
    author={Ioannou, Yani and Robertson, Duncan and Shotton, Jamie and
        Cipolla, Roberto and Criminisi, Antonio},
    journal={arXiv preprint arXiv:1511.06744},
    year={2015}
}
@article{tai2015convolutional,
    title={Convolutional neural networks with low-rank regularization},
    author={Tai, Cheng and Xiao, Tong and Zhang, Yi and Wang, Xiaogang and
        others},
    journal={arXiv preprint arXiv:1511.06067},
    year={2015}
}
@article{li2016pruning,
    title={Pruning Filters for Efficient ConvNets},
    author={Li, Hao and Kadav, Asim and Durdanovic, Igor and Samet, Hanan
        and Graf, Hans Peter},
    journal={arXiv preprint arXiv:1608.08710},
    year={2016}
}
@inproceedings{wen2016learning,
    title={Learning structured sparsity in deep neural networks},
    author={Wen, Wei and Wu, Chunpeng and Wang, Yandan and Chen, Yiran and
        Li, Hai},
    booktitle={Advances in Neural Information Processing Systems},
    pages={2074--2082},
    year={2016}
}
@article{murray2015auto,
    title={Auto-sizing neural networks: With applications to n-gram language
        models},
    author={Murray, Kenton and Chiang, David},
    journal={arXiv preprint arXiv:1508.05051},
    year={2015}
}
@article{hu2016network,
    title={Network Trimming: A Data-Driven Neuron Pruning Approach towards
        Efficient Deep Architectures},
    author={Hu, Hengyuan and Peng, Rui and Tai, Yu-Wing and Tang,
        Chi-Keung},
    journal={arXiv preprint arXiv:1607.03250},
    year={2016}
}
@article{anwar2015structured,
    title={Structured pruning of deep convolutional neural networks},
    author={Anwar, Sajid and Hwang, Kyuyeon and Sung, Wonyong},
    journal={arXiv preprint arXiv:1512.08571},
    year={2015}
}
@article{changpinyo2017power,
    title={The power of sparsity in convolutional neural networks},
    author={Changpinyo, Soravit and Sandler, Mark and Zhmoginov, Andrey},
    journal={arXiv preprint arXiv:1702.06257},
    year={2017}
}
@article{hua2006photo2video,
    title={Photo2Video—A system for automatically converting photographic
        series into video},
    author={Hua, X-S and Lu, Lie and Zhang, H-J},
    journal={IEEE Transactions on circuits and systems for video
        technology},
    volume={16},
    number={7},
    pages={803--819},
    year={2006},
    publisher={IEEE}
}
@inproceedings{kuo2011sewing,
    title={Sewing photos: Smooth transition between photos},
    author={Kuo, Tzu-Hao and Tsai, Chun-Yu and Cheng, Kai-Yin and Chen,
        Bing-Yu},
    booktitle={International Conference on Multimedia Modeling},
    pages={73--83},
    year={2011},
    organization={Springer}
}
@article{chu2007tiling,
    title={Tiling slideshow: an audiovisual presentation method for consumer
        photos},
    author={Chu, Wei-Ta and Chen, Jun-Cheng and Wu, Ja-Ling},
    journal={IEEE MultiMedia},
    volume={14},
    number={3},
    year={2007},
    publisher={IEEE}
}
@inproceedings{platt2003phototoc,
    title={PhotoTOC: Automatic clustering for browsing personal photographs},
    author={Platt, John C and Czerwinski, Mary and Field, Brent A},
    booktitle={Information, Communications and Signal Processing, 2003
        and Fourth Pacific Rim Conference on Multimedia. Proceedings of
            the 2003 Joint Conference of the Fourth International
            Conference on},
    volume={1},
    pages={6--10},
    year={2003},
    organization={IEEE}
}
@inproceedings{graham2002time,
    title={Time as essence for photo browsing through personal digital
        libraries},
    author={Graham, Adrian and Garcia-Molina, Hector and Paepcke, Andreas
        and Winograd, Terry},
    booktitle={Proceedings of the 2nd ACM/IEEE-CS joint conference on
        Digital libraries},
    pages={326--335},
    year={2002},
    organization={ACM}
}
@inproceedings{gargi2003modeling,
    title={Modeling and clustering of photo capture streams},
    author={Gargi, Ullas},
    booktitle={Proceedings of the 5th ACM SIGMM international workshop on
        Multimedia information retrieval},
    pages={47--54},
    year={2003},
    organization={ACM}
}
@article{cooper2005temporal,
    title={Temporal event clustering for digital photo collections},
    author={Cooper, Matthew and Foote, Jonathan and Girgensohn, Andreas and
        Wilcox, Lynn},
    journal={ACM Transactions on Multimedia Computing, Communications,
        and Applications (TOMM)},
    volume={1},
    number={3},
    pages={269--288},
    year={2005},
    publisher={ACM}
}
@inproceedings{loui2000automatic,
    title={Automatic image event segmentation and quality screening for
        albuming applications},
    author={Loui, Alexander C and Savakis, Andreas E},
    booktitle={Multimedia and Expo, 2000. ICME 2000. 2000 IEEE
        International Conference on},
    volume={2},
    pages={1125--1128},
    year={2000},
    organization={IEEE}
}
@inproceedings{gong2007segmenting,
    title={Segmenting photo streams in events based on optical metadata},
    author={Gong, Bo and Jain, Ramesh},
    booktitle={Semantic Computing, 2007. ICSC 2007. International
        Conference on},
    pages={71--78},
    year={2007},
    organization={IEEE}
}
@inproceedings{mei2006probabilistic,
    title={Probabilistic multimodality fusion for event based home photo
        clustering},
    author={Mei, Tao and Wang, Bin and Hua, Xian-Sheng and Zhou, He-Qin and
        Li, Shipeng},
    booktitle={Multimedia and Expo, 2006 IEEE International Conference
        on},
    pages={1757--1760},
    year={2006},
    organization={IEEE}
}
@article{shen2016multi,
    title={Multi-modal and multi-scale photo collection summarization},
    author={Shen, Xu and Tian, Xinmei},
    journal={Multimedia Tools and Applications},
    volume={75},
    number={5},
    pages={2527--2541},
    year={2016},
    publisher={Springer}
}
@inproceedings{chu2008automatic,
    title={Automatic selection of representative photo and smart thumbnailing
        using near-duplicate detection},
    author={Chu, Wei-Ta and Lin, Chia-Hung},
    booktitle={Proceedings of the 16th ACM international conference on
        Multimedia},
    pages={829--832},
    year={2008},
    organization={ACM}
}
@article{yang2016automatic,
    title={Automatic generation of visual-textual presentation layout},
    author={Yang, Xuyong and Mei, Tao and Xu, Ying-Qing and Rui, Yong and
        Li, Shipeng},
    journal={ACM Transactions on Multimedia Computing, Communications,
        and Applications (TOMM)},
    volume={12},
    number={2},
    pages={33},
    year={2016},
    publisher={ACM}
}
@inproceedings{DBLP:conf/mm/ShresthaWWBA10,
	author    = {Prarthana Shrestha and
		Peter H. N. de With and
			Hans Weda and
			Mauro Barbieri and
			Emile H. L. Aarts},
	title     = {Automatic mashup generation from multiple-camera concert
		recordings},
	booktitle = {ACM Multimedia},
	year      = {2010},
	pages     = {541-550}
}
@book{DBLP:books/daglib/0023820,
	author    = {Stuart J. Russell and
		Peter Norvig},
	title     = {Artificial Intelligence --- A Modern Approach},
	publisher = {Pearson Education},
	year      = {2010},
	isbn      = {978-0-13-207148-2},
	pages     = {I-XVIII, 1-1132},
	ee        = {http://vig.pearsoned.com/store/product/1,1207,store-12521_isbn-0136042597,00.html},
	bibsource = {DBLP, http://dblp.uni-trier.de}
}
@inproceedings{DBLP:conf/mm/NguyenSNO13,
	author = {Nguyen, Duong-Trung-Dung and Saini, Mukesh and Nguyen, Vu-Thanh and Ooi, Wei Tsang},
	title = {Jiku Director: A Mobile Video Mashup System},
	booktitle = {ACM Multimedia},
	year = {2013},
	pages = {477--478}
}
@inproceedings{DBLP:conf/mm/SainiGYO12,
	author    = {Mukesh Kumar Saini and
		Raghudeep Gadde and
			Shuicheng Yan and
			Wei Tsang Ooi},
	title     = {{MoViMash: online mobile video mashup}},
	booktitle = {ACM Multimedia},
	year      = {2012},
	pages     = {139-148}
}
@inproceedings{DBLP:conf/mm/HuaLZ04a,
	author    = {Xian-Sheng Hua and
		Lie Lu and
			HongJiang Zhang},
	title     = {Automatic music video generation based on temporal pattern
		analysis},
	booktitle = {ACM Multimedia},
	year      = {2004},
	pages     = {472-475},
	ee        = {http://doi.acm.org/10.1145/1027527.1027641},
	bibsource = {DBLP, http://dblp.uni-trier.de}
}
@article{Arev:2014:AEF:2601097.2601198,
	author = {Arev, Ido and Park, Hyun Soo and Sheikh, Yaser and Hodgins, Jessica and Shamir, Ariel},
	title = {Automatic Editing of Footage from Multiple Social Cameras},
	journal = {ACM Trans. Graph.},
	issue_date = {July 2014},
	volume = {33},
	number = {4},
	month = jul,
	year = {2014},
	issn = {0730-0301},
	pages = {81:1--81:11},
	articleno = {81},
	numpages = {11},
	url = {http://doi.acm.org/10.1145/2601097.2601198},
	doi = {10.1145/2601097.2601198},
	acmid = {2601198},
	publisher = {ACM},
	address = {New York, NY, USA},
	keywords = {multiple cameras, video editing},
}
@article{sundaram2002computable,
	title={Computable scenes and structures in films},
	author={Sundaram, Hari and Chang, Shih-Fu},
	journal={IEEE Transactions on Multimedia},
	volume={4},
	number={4},
	pages={482--491},
	year={2002},
	publisher={IEEE}
}
@book{CinemaElements1982,
	author        = "Stefan Sharff",
	title         = "The Elements of Cinema: Toward a Theory of Cinesthetic Impact",
	publisher     = "Columbia University Press",
	year          = "1982",
}
@article{DBLP:journals/ieeemm/LampiKBE08,
	author    = {Fleming Lampi and
		Stephan Kopf and
			Manuel Benz and
			Wolfgang Effelsberg},
	title     = {A Virtual Camera Team for Lecture Recording},
	journal   = {IEEE MultiMedia},
	volume    = {15},
	number    = {3},
	year      = {2008},
	pages     = {58-61},
	ee        = {http://doi.ieeecomputersociety.org/10.1109/MMUL.2008.43},
	bibsource = {DBLP, http://dblp.uni-trier.de}
}
@incollection{sumec2006multi,
	title={Multi camera automatic video editing},
	author={Sumec, Stanislav},
	booktitle={Computer Vision and Graphics},
	pages={935--945},
	year={2006}
}
@inproceedings{DBLP:conf/graphicsinterface/RanjanHBBL10,
	author    = {Abhishek Ranjan and Rorik Henrikson and Jeremy P. Birnholtz and Ravin Balakrishnan and Dana Lee},
	title     = {Automatic camera control using unobtrusive vision and audio tracking},
	booktitle = {Graphics Interface},
	year      = {2010},
	pages     = {47-54},
	ee        = {http://portal.acm.org/citation.cfm?id=1839224{\&}CFID=37966912{\&}CFTOKEN=40351478},
	bibsource = {DBLP, http://dblp.uni-trier.de}
}
@article{DBLP:journals/tomccap/ZhangRCH08,
	title={An automated end-to-end lecture capture and broadcasting system},
	author={Zhang, Cha and Rui, Yong and Crawford, Jim and He, Li-Wei},
	journal={ACM Transactions on Multimedia Computing, Communications, and Applications (TOMCCAP)},
	volume={4},
	number={1},
	pages={6},
	year={2008}
}
@article{DBLP:conf/mm/HuaLZ03,
	title={Optimization-based automated home video editing system},
	author={Hua, Xian-Sheng and Lu, Lie and Zhang, Hong-Jiang},
	journal={IEEE Transactions on Circuits and Systems for Video Technology},
	volume={14},
	number={5},
	pages={572--583},
	year={2004},
	publisher={IEEE}
}
@article{frenay2014classification,
    title={Classification in the presence of label noise: a survey},
    author={Fr{\'e}nay, Beno{\^\i}t and Verleysen, Michel},
    journal={IEEE transactions on neural networks and learning systems},
    volume={25},
    number={5},
    pages={845--869},
    year={2014},
    publisher={IEEE}
}
@inproceedings{belkin2001laplacian,
    title={Laplacian eigenmaps and spectral techniques for embedding and
        clustering},
    author={Belkin, Mikhail and Niyogi, Partha},
    booktitle={NIPS},
    volume={14},
    number={14},
    pages={585--591},
    year={2001}
}
@article{candes2011robust,
    title={Robust principal component analysis?},
    author={Cand{\`e}s, Emmanuel J and Li, Xiaodong and Ma, Yi and Wright,
        John},
    journal={Journal of the ACM (JACM)},
    volume={58},
    number={3},
    pages={11},
    year={2011},
    publisher={ACM}
}
@article{eckart1936approximation,
    title={The approximation of one matrix by another of lower rank},
    author={Eckart, Carl and Young, Gale},
    journal={Psychometrika},
    volume={1},
    number={3},
    pages={211--218},
    year={1936},
    publisher={Springer}
}
@book{golub2012matrix,
    title={Matrix computations},
    author={Golub, Gene H and Van Loan, Charles F},
    volume={3},
    year={2012},
    publisher={JHU Press}
}
@inproceedings{yang2011l2,
    title={l2, 1-norm regularized discriminative feature selection for
        unsupervised learning},
    author={Yang, Yi and Shen, Heng Tao and Ma, Zhigang and Huang, Zi and
        Zhou, Xiaofang},
    booktitle={IJCAI proceedings-international joint conference on
        artificial intelligence},
    volume={22},
    number={1},
    pages={1589},
    year={2011}
}
@inproceedings{ye2008discriminative,
    title={Discriminative k-means for clustering},
    author={Ye, Jieping and Zhao, Zheng and Wu, Mingrui},
    booktitle={Advances in neural information processing systems},
    pages={1649--1656},
    year={2008}
}
@article{krizhevsky2009learning,
    title={Learning multiple layers of features from tiny images},
    author={Krizhevsky, Alex and Hinton, Geoffrey},
    year={2009},
    publisher={Citeseer}
}
@misc{pascal-voc-2007,
    author = {Everingham, M. and Van~Gool, L. and Williams, C. K. I. and Winn, J. and Zisserman, A.},
    title = {The {PASCAL} {V}isual {O}bject {C}lasses {C}hallenge 2007 {(VOC2007)} {R}esults},
    year = {2007},
    howpublished = {http://www.pascal-network.org/challenges/VOC/voc2007/workshop/index.html}
}
@inproceedings{luo2012hierarchical,
    title={Hierarchical face parsing via deep learning},
    author={Luo, Ping and Wang, Xiaogang and Tang, Xiaoou},
    booktitle={Computer Vision and Pattern Recognition (CVPR), 2012 IEEE
        Conference on},
    pages={2480--2487},
    year={2012},
    organization={IEEE}
}
@inproceedings{oquab2014learning,
    title={Learning and transferring mid-level image representations using
        convolutional neural networks},
    author={Oquab, Maxime and Bottou, Leon and Laptev, Ivan and Sivic,
        Josef},
    booktitle={Proceedings of the IEEE conference on computer vision and
        pattern recognition},
    pages={1717--1724},
    year={2014}
}
@inproceedings{divvala2014learning,
    title={Learning everything about anything: Webly-supervised visual
        concept learning},
    author={Divvala, Santosh K and Farhadi, Ali and Guestrin, Carlos},
    booktitle={Proceedings of the IEEE Conference on Computer Vision and
        Pattern Recognition},
    pages={3270--3277},
    year={2014}
}
@article{Bolon015RAE,
 author = {Bol\'{o}n-Canedo, V. and S\'{a}nchez-Maro\~{n}o, N. and Alonso-Betanzos, A.},
 title = {{Recent Advances and Emerging Challenges of Feature Selection in the Context of Big Data}},
 journal = {Knowledge Based System},
 volume = {86},
 number = {C},
 month = sep,
 year = {2015},
 pages = {33--45},
 publisher = {Elsevier Science Publishers B. V.},
 address = {Amsterdam, The Netherlands, The Netherlands}
}
@article{Zhai14EBD,
 author={Yiteng Zhai and Yew-Soon Ong and Tsang, I.W.},
 journal={Computational Intelligence Magazine, IEEE},
 title={{The Emerging "Big Dimensionality"}},
 year={2014},
 volume={9},
 number={3},
 pages={14-26},
 month={Aug}
}
@article{duchi2011adaptive,
	title={{Adaptive subgradient methods for online learning and stochastic optimization}},
	author={Duchi, John and Hazan, Elad and Singer, Yoram},
	journal={Journal of Machine Learning Research},
	volume={12},
	pages={2121--2159},
	year={2011},
	publisher={JMLR. org}
}
@inproceedings{dredze2008confidence,
	title={{Confidence-weighted linear classification}},
	author={Dredze, Mark and Crammer, Koby and Pereira, Fernando},
	booktitle={Proceedings of the 25th International Conference on Machine Learning},
	series = {ICML '08},
	pages={264--271},
	year={2008},
	publisher={ACM},
	address={New York, NY, USA}
}
@inproceedings{ma2010exploiting,
    title={{Exploiting Feature Covariance in High-Dimensional Online Learning}},
    author={Ma, Justin and Kulesza, Alex and Dredze, Mark and Crammer, Koby and Saul, Lawrence K and Pereira, Fernando},
    booktitle={Proceedings of the Artificial Intelligence and Statistics},
    pages={493--500},
    year={2010}
}
@article{ramirez2016fast,
    title={{Fast-mRMR: Fast Minimum Redundancy Maximum Relevance Algorithm for High-Dimensional Big Data}},
    author={Ram{\'\i}rez-Gallego, Sergio and Lastra, Iago and Mart{\'\i}nez-Rego, David and Bol{\'o}n-Canedo, Ver{\'o}nica
        and Ben{\'\i}tez, Jos{\'e} Manuel and Herrera, Francisco
            and Alonso-Betanzos, Amparo},
    journal={International Journal of Intelligent Systems},
    volume={32},
    number={2},
    pages={134--152},
    year={2017},
    publisher={Wiley Online Library}
}
@article{peng2005feature,
    title={Feature selection based on mutual information criteria of
        max-dependency, max-relevance, and min-redundancy},
    author={Peng, Hanchuan and Long, Fuhui and Ding, Chris},
    journal={IEEE Transactions on pattern analysis and machine
        intelligence},
    volume={27},
    number={8},
    pages={1226--1238},
    year={2005},
    publisher={IEEE}
}
@article{fan2008liblinear,
	title={{LIBLINEAR: A library for large linear classification}},
	author={Fan, Rong-En and Chang, Kai-Wei and Hsieh, Cho-Jui and Wang, Xiang-Rui and Lin, Chih-Jen},
	journal={The Journal of Machine Learning Research},
	volume={9},
	pages={1871--1874},
	year={2008},
	publisher={JMLR. org}
}
@article{tantw14fgm,
	author    = {Mingkui Tan and
		Ivor W. Tsang and
			Li Wang},
	title     = {{Towards ultrahigh dimensional feature selection for big data}},
	journal   = {Journal of Machine Learning Research},
	volume    = {15},
	number    = {1},
	year      = {2014},
	pages     = {1371-1429},
	ee        = {http://dl.acm.org/citation.cfm?id=2638579},
	bibsource = {DBLP, http://dblp.uni-trier.de}
}
@inproceedings{qa_bright,
 author       = {Girgensohn, Andreas and Boreczky, John and Chiu, Patrick and Doherty, John and Foote, Jonathan and Golovchinsky, Gene and Uchihashi, Shingo and Wilcox, Lynn},
 title        = {{A Semi-automatic Approach to Home Video Editing}},
 booktitle    = {the 13th Annual ACM Symposium on User Interface Software and Technology},
 year         = {2000},
 pages        = {81--89}
}
@INPROCEEDINGS{qa_blur,
    author    = {Hanghang Tong},
    title     = {{Blur detection for digital images using wavelet transform}},
    booktitle = {IEEE International Conference on Multimedia and Expo (ICME)},
    year      = {2004},
    pages     = {17--20}
}
@inproceedings{qa_sharpness,
  author      = {Ke, Yan and Tang, Xiaoou and Jing, Feng},
  booktitle   = {2006 IEEE Computer Society Conference on Computer Vision and Pattern Recognition (CVPR'06)},
  pages       = {419-426},
  publisher   = {IEEE Computer Society},
  title       = {{The Design of High-Level Features for Photo Quality Assessment}},
  year        = {2006}
}
@inproceedings{qa_sim,
 author       = {Luo, Yiwen and Tang, Xiaoou},
 title        = {{Photo and Video Quality Evaluation: Focusing on the Subject}},
 booktitle    = {Proceedings of the 10th European Conference on Computer Vision: Part III},
 series       = {ECCV},
 year         = {2008},
 pages        = {386--399},
}
@article{qa_dyn_range,
title         = {{Visual quality assessment for web videos}},
journal       = {Journal of Visual Communication and Image Representation},
volume        = {21},
pages         = {826--837},
year          = {2010},
author        = {Tian Xia and Tao Mei and Gang Hua and Yong-Dong Zhang and Xian-Sheng Hua}
}
@inproceedings{qa_zhedong,
  author      = {Zhe Dong and
               Xinmei Tian},
  title       = {{Effective and efficient photo quality assessment}},
  booktitle   = {2014 {IEEE} International Conference on Systems, Man, and Cybernetics,
               {SMC}},
  pages       = {2859--2864},
  year        = {2014},
}
@article{qa_hsv,
author        = {Ch.Kavitha and Dr.B.Prabhakara Rao and Dr.A.Govardhan},
title         = {{Image Retrieval Based On Color and Texture Features of the Image Sub-blocks}},
journal       = {International Journal of Computer Applications},
year          = {2011},
volume        = {15},
pages         = {33--37},
}
@inproceedings{t2s2,
    author    = {Winder, Simon AJ and Brown, Matthew},
    title     = {{Learning local image descriptors}},
    booktitle = {2007 IEEE Conference on Computer Vision and Pattern Recognition},
    year      = {2007},
    pages     = {1--8}
}
@inproceedings{dong2014eepqa,
	author    = {Zhe Dong and Xinmei Tian},
	booktitle = {2014 IEEE International Conference on Systems, Man, and Cybernetics (SMC)},
	title     = {{Effective and efficient photo quality assessment}},
	year      = {2014},
	pages     = {2859-2864},
	month     = {Oct}
}
@article{frey2007clustering,
  title={Clustering by passing messages between data points},
  author={Frey, Brendan J and Dueck, Delbert},
  journal={science},
  volume={315},
  number={5814},
  pages={972--976},
  year={2007},
  publisher={American Association for the Advancement of Science}
}
@inproceedings{mei2007videosense,
    title={VideoSense: towards effective online video advertising},
    author={Mei, Tao and Hua, Xian-Sheng and Yang, Linjun and Li, Shipeng},
    booktitle={Proceedings of the 15th ACM international conference on
        Multimedia},
    pages={1075--1084},
    year={2007},
    organization={ACM}
}
@inproceedings{ma2003saliency,
 author       = {Ma, Yu-Fei and Zhang, Hong-Jiang},
 title        = {{Contrast-based Image Attention Analysis by Using Fuzzy Growing}},
 booktitle    = {ACM Multimedia},
 year         = {2003},
 pages        = {374--381}
}
@book{manchel1990film,
	title={Film study: an analytical bibliography},
	author={Manchel, Frank},
	volume={1},
	year={1990},
	publisher={Fairleigh Dickinson Univ Press}
}
@article{shresthabws10,
	author    = {Prarthana Shrestha and
		Mauro Barbieri and
			Hans Weda and
			Dragan Sekulovski},
	title     = {Synchronization of Multiple Camera Videos Using Audio-Visual
		Features},
	journal   = {IEEE Transactions on Multimedia},
	volume    = {12},
	number    = {1},
	year      = {2010},
	pages     = {79-92},
	ee        = {http://dx.doi.org/10.1109/TMM.2009.2036285},
	bibsource = {DBLP, http://dblp.uni-trier.de}
}
@article{MeiHZZL07,
	author    = {Tao Mei and
		Xian-Sheng Hua and
			Cai-Zhi Zhu and
			He-Qin Zhou and
			Shipeng Li},
	title     = {Home Video Visual Quality Assessment With Spatiotemporal
		Factors},
	journal   = {IEEE Transactions on Circuits and Systems for Video Technology},
	volume    = {17},
	number    = {6},
	year      = {2007},
	pages     = {699-706},
	ee        = {http://dx.doi.org/10.1109/TCSVT.2007.896640},
	bibsource = {DBLP, http://dblp.uni-trier.de}
}
@inproceedings{KimCKK00,
	author    = {Jae-Gon Kim and
		Hyun Sung Chang and
			Jinwoong Kim and
			Hyung-Myung Kim},
	title     = {Efficient Camera Motion Characterization for MPEG Video
		Indexing},
	booktitle = {IEEE International Conference on Multimedia and Expo},
	year      = {2000},
	pages     = {1171-1174}
}
@article{CampbellJG09,
    author    = {Dermot Campbell and
        Edward Jones and
            Martin Glavin},
    title     = {Audio quality assessment techniques --- A review, and recent
        developments},
    journal   = {Signal Processing},
    volume    = {89},
    number    = {8},
    year      = {2009},
    pages     = {1489-1500},
    ee        = {http://dx.doi.org/10.1016/j.sigpro.2009.02.015},
    bibsource = {DBLP, http://dblp.uni-trier.de}
}
@inproceedings{LiWCDWW13,
	author    = {Zhonghua Li and
		Ju-Chiang Wang and
			Jingli Cai and
			Zhiyan Duan and
			Hsin-Min Wang and
			Ye Wang},
	title     = {Non-reference audio quality assessment for online live music
		recordings},
	booktitle = {ACM Multimedia},
	year      = {2013},
	pages     = {63-72},
	ee        = {http://doi.acm.org/10.1145/2502081.2502106},
	bibsource = {DBLP, http://dblp.uni-trier.de}
}
@article{RixBKKG06,
	author    = {A. W. Rix an
		J. G. Beerends and
			D.-S. Kim and
			P. Kroon and
			O. Ghitza},
	title     = {Objective Assessment of Speech and Audio Quality --- Technology and Applications},
	journal   = {IEEE Transactions on Audio, Speech {\&} Language Processing},
	volume    = {14},
	number    = {6},
	year      = {2006},
	pages     = {1890-1901},
	ee        = {http://doi.ieeecomputersociety.org/10.1109/TASL.2006.883260},
	bibsource = {DBLP, http://dblp.uni-trier.de}
}
@inproceedings{stowell2007adaptive,
	title={Adaptive whitening for improved real-time audio onset detection},
	author={Stowell, Dan and Plumbley, Mark and Mary, Queen},
	booktitle={Proceedings of the International Computer Music Conference},
	year={2007}
}
@article{liu2013bundled,
	title={Bundled camera paths for video stabilization},
	author={Liu, Shuaicheng and Yuan, Lu and Tan, Ping and Sun, Jian},
	journal={ACM Transactions on Graphics (TOG)},
	volume={32},
	number={4},
	pages={78},
	year={2013},
	publisher={ACM}
}
@inproceedings{frome2013devise,
  title={Devise: A deep visual-semantic embedding model},
  author={Frome, Andrea and Corrado, Greg S and Shlens, Jon and Bengio, Samy and Dean, Jeff and Mikolov, Tomas and others},
  booktitle={Advances in neural information processing systems},
  pages={2121--2129},
  year={2013}
}
@inproceedings{fivek,
	author = {Vladimir Bychkovsky and Sylvain Paris and Eric Chan and Fr{\'e}do Durand},
	title = {{Learning Photographic Global Tonal Adjustment with a Database of Input / Output Image Pairs}},
	booktitle = {The Twenty-Fourth IEEE Conference on Computer Vision and
        Pattern Recognition},
	year = {2011}
}
@inproceedings{Bilen_2016_CVPR,
    author = {Bilen, Hakan and Vedaldi, Andrea},
    title = {Weakly Supervised Deep Detection Networks},
    booktitle = {The IEEE Conference on Computer Vision and Pattern Recognition (CVPR)},
    month = {June},
    year = {2016}
}
@article{pinheiro2014weakly,
  title={Weakly supervised object segmentation with convolutional neural networks},
  author={Pinheiro, Pedro HO and Collobert, Ronan and Pinheiro, Pedro O},
  year={2014},
  publisher={Citeseer}
}
@article{rochan2016weakly,
  title={Weakly supervised object localization and segmentation in videos},
  author={Rochan, Mrigank and Rahman, Shafin and Bruce, Neil DB and Wang, Yang},
  journal={Image and Vision Computing},
  volume={56},
  pages={1--12},
  year={2016},
  publisher={Elsevier}
}
@article{shen2017weakly,
  title={{Weakly Supervised Dense Video Captioning}},
  author={Shen, Zhiqiang and Li, Jianguo and Su, Zhou and Li, Minjun and Chen, Yurong and Jiang, Yu-Gang and Xue, Xiangyang},
  journal={arXiv preprint arXiv:1704.01502},
  year={2017}
}
@inproceedings{Wang2016TCH,
    author = {Wang, Chenguang and Song, Yangqiu and Li, Haoran and Zhang, Ming and Han, Jiawei},
    title = {{Text Classification with Heterogeneous Information Network Kernels}},
    booktitle = {Proceedings of the Thirtieth AAAI Conference on Artificial Intelligence},
    series = {AAAI'16},
    year = {2016},
    address = {Phoenix, Arizona},
    pages = {2130--2136},
    publisher = {AAAI Press},
}
@inproceedings{Wang2015IWK,
    author = {Wang, Chenguang and Song, Yangqiu and El-Kishky, Ahmed and Roth, Dan and Zhang, Ming and Han, Jiawei},
    title = {{Incorporating World Knowledge to Document Clustering via
        Heterogeneous Information Networks}},
    booktitle = {Proceedings of the 21th ACM SIGKDD International Conference on Knowledge Discovery and Data Mining},
    series = {KDD '15},
    year = {2015},
    address = {Sydney, NSW, Australia},
    pages = {1215--1224},
    publisher = {ACM}
}
@inproceedings{liu2012mm,
	author = {Liu, Heng and Mei, Tao and Luo, Jiebo and Li, Houqiang and Li, Shipeng},
	title = {Finding Perfect Rendezvous on the Go: Accurate Mobile Visual Localization and Its Applications to Routing},
	booktitle = {Proceedings of the 20th ACM International Conference on Multimedia},
	year = {2012},
	pages = {9--18}
}
@inproceedings{WangMWLL11,
	author    = {Yang Wang and
		Tao Mei and
			Jingdong Wang and
			Houqiang Li and
			Shipeng Li},
	title     = {{JIGSAW:} interactive mobile visual search with multimodal queries},
	booktitle = {Proceedings of the 19th International Conference on Multimedia 2011},
	pages     = {73--82},
	year      = {2011}
}
@article{rosenblatt1958perceptron,
  title={The perceptron: a probabilistic model for information storage and organization in the brain.},
  author={Rosenblatt, Frank},
  journal={Psychological review},
  volume={65},
  number={6},
  pages={386},
  year={1958},
  publisher={American Psychological Association}
}
@misc{vggbncifar,
    author = {Sergey Zagoruyko},
    title = {92.45\% on CIFAR-10 in Torch, Online; accessed 2-January-2017},
    year = {2015},
    howpublished = {{http://torch.ch/blog/2015/07/30/cifar.html}}
}
@article{WangBSS04Tip,
    author    = {Zhou Wang and Alan C. Bovik and Hamid R. Sheikh and Eero P. Simoncelli},
    title     = {Image quality assessment: from error visibility to structural similarity},
    journal   = {IEEE Transactions on Image Processing},
    volume    = {13},
    number    = {4},
    year      = {2004},
    pages     = {600-612}
}

